<record><leader>00000cas a22000007a 4500</leader><controlfield tag="001">9315706</controlfield><controlfield tag="008">830316d18401843mauwr ne      0    0eng d</controlfield><datafield ind1=" " ind2=" " tag="010"><subfield code="a">sn 83020285 </subfield></datafield><datafield ind1=" " ind2=" " tag="040"><subfield code="a">NPX</subfield><subfield code="b">eng</subfield><subfield code="c">NPX</subfield><subfield code="d">NPA</subfield><subfield code="d">MGN</subfield><subfield code="d">OCLCQ</subfield></datafield><datafield ind1=" " ind2=" " tag="042"><subfield code="a">msc</subfield></datafield><datafield ind1=" " ind2=" " tag="043"><subfield code="a">n-us-ma</subfield></datafield><datafield ind1="0" ind2="4" tag="245"><subfield code="a">The Lynn freeman and Essex County Whig.</subfield></datafield><datafield ind1="1" ind2="3" tag="246"><subfield code="a">Freeman and Whig</subfield></datafield><datafield ind1=" " ind2=" " tag="260"><subfield code="a">Lynn, Mass. :</subfield><subfield code="b">Eugene F.W. Gray</subfield></datafield><datafield ind1=" " ind2=" " tag="300"><subfield code="a">v.</subfield></datafield><datafield ind1=" " ind2=" " tag="310"><subfield code="a">Weekly</subfield></datafield><datafield ind1="1" ind2=" " tag="362"><subfield code="a">Began in Feb. 1840.</subfield></datafield><datafield ind1="0" ind2=" " tag="362"><subfield code="a">-v. 6, no. 8 (Nov. 25, 1843).</subfield></datafield><datafield ind1=" " ind2=" " tag="588"><subfield code="a">Description based on: Vol. 2, no. 16 (Feb. 22, 1840).</subfield></datafield><datafield ind1=" " ind2=" " tag="752"><subfield code="a">United States</subfield><subfield code="b">Massachusetts</subfield><subfield code="c">Essex</subfield><subfield code="d">Lynn.</subfield></datafield><datafield ind1="0" ind2="4" tag="780"><subfield code="t">Lynn freeman</subfield><subfield code="w">(DLC)sn 85033067</subfield></datafield><datafield ind1="0" ind2="4" tag="780"><subfield code="t">Ipswich register</subfield><subfield code="w">(DLC)sn 83020241</subfield></datafield><datafield ind1="0" ind2="0" tag="785"><subfield code="t">Essex County Whig</subfield><subfield code="w">(DLC)sn 83020286</subfield></datafield><datafield ind1="1" ind2=" " tag="029"><subfield code="a">AU@</subfield><subfield code="b">000025789849</subfield></datafield></record>